<record><leader>00000cas a2200000 a 4500</leader><controlfield tag="001">12332961</controlfield><controlfield tag="008">850801d18891893ksuwr ne      0    0eng d</controlfield><datafield ind1=" " ind2=" " tag="010"><subfield code="a">sn 85031683 </subfield></datafield><datafield ind1=" " ind2=" " tag="040"><subfield code="a">KSH</subfield><subfield code="b">eng</subfield><subfield code="c">KSH</subfield><subfield code="d">NPT</subfield><subfield code="d">OCL</subfield><subfield code="d">OCLCQ</subfield></datafield><datafield ind1=" " ind2=" " tag="042"><subfield code="a">msc</subfield></datafield><datafield ind1="0" ind2="0" tag="245"><subfield code="a">Pottawatomie County times.</subfield></datafield><datafield ind1=" " ind2=" " tag="260"><subfield code="a">Louisville, Kan. :</subfield><subfield code="b">Chilcott &amp; Fowler,</subfield><subfield code="c">-1893.</subfield></datafield><datafield ind1=" " ind2=" " tag="300"><subfield code="a">v. :</subfield><subfield code="b">ill. ;</subfield><subfield code="c">51 cm.</subfield></datafield><datafield ind1=" " ind2=" " tag="310"><subfield code="a">Weekly</subfield></datafield><datafield ind1="0" ind2=" " tag="362"><subfield code="a">-v. 4, no. 52 (Aug. 4, 1893).</subfield></datafield><datafield ind1="1" ind2=" " tag="362"><subfield code="a">Began in 1889.</subfield></datafield><datafield ind1=" " ind2=" " tag="500"><subfield code="a">Published in Wamego, Kan., Nov. 18, 1892-Aug. 4, 1893.</subfield></datafield><datafield ind1=" " ind2=" " tag="500"><subfield code="a">Published by: Sylvester Fowler, Apr. 15, 1892-Jan. 13, 1893; R.M. Chilcott, Jan. 20-Aug. 4, 1893.</subfield></datafield><datafield ind1=" " ind2=" " tag="588"><subfield code="a">Description based on: Vol. 1, no. 4 (Sept. 6, 1889).</subfield></datafield><datafield ind1=" " ind2=" " tag="752"><subfield code="a">United States</subfield><subfield code="b">Kansas</subfield><subfield code="c">Pottawatomie</subfield><subfield code="d">Louisville.</subfield></datafield><datafield ind1=" " ind2=" " tag="752"><subfield code="a">United States</subfield><subfield code="b">Kansas</subfield><subfield code="c">Pottawatomie</subfield><subfield code="d">Wamego.</subfield></datafield><datafield ind1="0" ind2="0" tag="785"><subfield code="t">Wamego times (Wamego, Kan. : 1893)</subfield><subfield code="w">(DLC)sn 85031730</subfield></datafield><datafield ind1="1" ind2=" " tag="029"><subfield code="a">AU@</subfield><subfield code="b">000020386174</subfield></datafield></record>